@article {mould,
title = {Phylogeny and ecology of the ubiquitous saprobe Cladosporium sphaerospermum,
with descriptions of seven new species from hypersaline environments},
author = {P. Zalar, G.S. de Hoog and others},
journal = {Studies in Mycology},
volume = {58},
doi = {10.3114/sim.2007.58.06}
}

@book{growth,
  author = {Rivka Barakai-Golan},
  year = {2001},
  title = {Postharvest Diseases of Fruits and Vegetables},
  publisher = {Elsevier Science},
  doi = {10.1016/B978-0-444-50584-2.X5000-X}
}